@inproceedings{dist-cache-hdfs,
  author    = {J.~ Zhang and G.~ Wu and X.~ Hu and X.~ Wu},
  title     = {A Distributed Cache for Hadoop Distributed File System in Real-Time Cloud Services},
  JOURNAL = {Proceedings of GRID'12, Beijing, China, September 20-23, 2012},
  pages     = {12--21},
  year      = {2012},
  crossref  = {DBLP:conf/grid/2012},
  url       = {http://dx.doi.org/10.1109/Grid.2012.17},
  doi       = {10.1109/Grid.2012.17},
  timestamp = {Tue, 24 Nov 2015 15:19:46 +0100},
  biburl    = {http://dblp.uni-trier.de/rec/bib/conf/grid/ZhangWHW12},
  bibsource = {dblp computer science bibliography, http://dblp.org}
}

@inproceedings{tachyon,
  author    = {Haoyuan Li and
               Ali Ghodsi and
               Matei Zaharia and
               Scott Shenker and
               Ion Stoica},
  title     = {Tachyon: Reliable, Memory Speed Storage for Cluster Computing Frameworks},
  booktitle = {Proceedings of the {ACM} Symposium on Cloud Computing, Seattle, WA,
               USA, November 03 - 05, 2014},
  pages     = {6:1--6:15},
  year      = {2014},
  crossref  = {DBLP:conf/cloud/2014},
  url       = {http://doi.acm.org/10.1145/2670979.2670985},
  doi       = {10.1145/2670979.2670985},
  timestamp = {Fri, 24 Apr 2015 14:24:49 +0200},
  biburl    = {http://dblp.uni-trier.de/rec/bib/conf/cloud/LiGZSS14},
  bibsource = {dblp computer science bibliography, http://dblp.org}
}

@inproceedings{rate-aware,
  author    = {Yong Li and
               Dan Feng and
               Zhan Shi},
  title     = {Enhancing both fairness and performance using rate-aware dynamic storage
               cache partitioning},
  booktitle = {Proceedings of the 2013 International Workshop on Data-Intensive Scalable
               Computing Systems, {DISCS} 2013, Denver, Colorado, USA, November 18,
               2013},
  pages     = {31--36},
  year      = {2013},
  crossref  = {DBLP:conf/sc/2013discs},
  url       = {http://doi.acm.org/10.1145/2534645.2534650},
  doi       = {10.1145/2534645.2534650},
  timestamp = {Sun, 16 Aug 2015 12:18:42 +0200},
  biburl    = {http://dblp.uni-trier.de/rec/bib/conf/sc/LiFS13},
  bibsource = {dblp computer science bibliography, http://dblp.org}
}

@inproceedings{pacman,
  author    = {Ganesh Ananthanarayanan and
               Ali Ghodsi and
               Andrew Warfield and
               Dhruba Borthakur and
               Srikanth Kandula and
               Scott Shenker and
               Ion Stoica},
  title     = {PACMan: Coordinated Memory Caching for Parallel Jobs},
  booktitle = {Proceedings of the 9th {USENIX} Symposium on Networked Systems Design
               and Implementation, {NSDI} 2012, San Jose, CA, USA, April 25-27, 2012},
  pages     = {267--280},
  year      = {2012},
  crossref  = {DBLP:conf/nsdi/2012},
  url       = {https://www.usenix.org/conference/nsdi12/technical-sessions/presentation/ananthanarayanan},
  timestamp = {Thu, 15 May 2014 09:12:42 +0200},
  biburl    = {http://dblp.uni-trier.de/rec/bib/conf/nsdi/AnanthanarayananGWBKSS12},
  bibsource = {dblp computer science bibliography, http://dblp.org}
}

@article{fairride,
  title={FairRide: Near-Optimal, Fair Cache Sharing},
  author={Pu, Qifan and Li, Haoyuan and Zaharia, Matei and Ghodsi, Ali and Stoica, Ion},
  year={2016},
}

@inproceedings{rdd,
  author    = {Matei Zaharia and
               Mosharaf Chowdhury and
               Tathagata Das and
               Ankur Dave and
               Justin Ma and
               Murphy McCauly and
               Michael J. Franklin and
               Scott Shenker and
               Ion Stoica},
  title     = {Resilient Distributed Datasets: {A} Fault-Tolerant Abstraction for
               In-Memory Cluster Computing},
  booktitle = {Proceedings of the 9th {USENIX} Symposium on Networked Systems Design
               and Implementation, {NSDI} 2012, San Jose, CA, USA, April 25-27, 2012},
  pages     = {15--28},
  year      = {2012},
  crossref  = {DBLP:conf/nsdi/2012},
  url       = {https://www.usenix.org/conference/nsdi12/technical-sessions/presentation/zaharia},
  timestamp = {Thu, 15 May 2014 09:12:42 +0200},
  biburl    = {http://dblp.uni-trier.de/rec/bib/conf/nsdi/ZahariaCDDMMFSS12},
  bibsource = {dblp computer science bibliography, http://dblp.org}
}

@inproceedings{mapreduce-cache,
  author    = {Shubin Zhang and
               Jizhong Han and
               Zhiyong Liu and
               Kai Wang and
               Shengzhong Feng},
  title     = {Accelerating MapReduce with Distributed Memory Cache},
  booktitle = {15th {IEEE} International Conference on Parallel and Distributed Systems,
               {ICPADS} 2009, Shenzhen, China, December 8-11, 2009},
  pages     = {472--478},
  year      = {2009},
  crossref  = {DBLP:conf/icpads/2009},
  url       = {http://dx.doi.org/10.1109/ICPADS.2009.88},
  doi       = {10.1109/ICPADS.2009.88},
  timestamp = {Mon, 04 May 2015 17:00:41 +0200},
  biburl    = {http://dblp.uni-trier.de/rec/bib/conf/icpads/ZhangHLWF09},
  bibsource = {dblp computer science bibliography, http://dblp.org}
}

@article{ramcloud,
  author    = {John K. Ousterhout and
               Parag Agrawal and
               David Erickson and
               Christos Kozyrakis and
               Jacob Leverich and
               David Mazi{\`{e}}res and
               Subhasish Mitra and
               Aravind Narayanan and
               Guru M. Parulkar and
               Mendel Rosenblum and
               Stephen M. Rumble and
               Eric Stratmann and
               Ryan Stutsman},
  title     = {The case for RAMClouds: scalable high-performance storage entirely
               in {DRAM}},
  journal   = {Operating Systems Review},
  volume    = {43},
  number    = {4},
  pages     = {92--105},
  year      = {2009},
  url       = {http://doi.acm.org/10.1145/1713254.1713276},
  doi       = {10.1145/1713254.1713276},
  timestamp = {Mon, 01 Feb 2010 12:08:38 +0100},
  biburl    = {http://dblp.uni-trier.de/rec/bib/journals/sigops/OusterhoutAEKLMMNPRRSS09},
  bibsource = {dblp computer science bibliography, http://dblp.org}
}

@article{hstore,
  author    = {Robert Kallman and
               Hideaki Kimura and
               Jonathan Natkins and
               Andrew Pavlo and
               Alex Rasin and
               Stanley B. Zdonik and
               Evan P. C. Jones and
               Samuel Madden and
               Michael Stonebraker and
               Yang Zhang and
               John Hugg and
               Daniel J. Abadi},
  title     = {H-store: a high-performance, distributed main memory transaction processing
               system},
  journal   = {{PVLDB}},
  volume    = {1},
  number    = {2},
  pages     = {1496--1499},
  year      = {2008},
  url       = {http://www.vldb.org/pvldb/1/1454211.pdf},
  timestamp = {Thu, 06 Nov 2008 12:41:33 +0100},
  biburl    = {http://dblp.uni-trier.de/rec/bib/journals/pvldb/KallmanKNPRZJMSZHA08},
  bibsource = {dblp computer science bibliography, http://dblp.org}
}

@inproceedings{maxmin,
  author    = {Qingming Ma and
               Peter Steenkiste and
               Hui Zhang},
  title     = {Routing High-Bandwidth Traffic in Max-Min Fair Share Networks},
  booktitle = {Proceedings of the {ACM} {SIGCOMM} 1996 Conference on Applications,
               Technologies, Architectures, and Protocols for Computer Communication,
               Stanford, CA, USA, August 26-30, 1996},
  pages     = {206--217},
  year      = {1996},
  crossref  = {DBLP:conf/sigcomm/1996},
  url       = {http://doi.acm.org/10.1145/248156.248175},
  doi       = {10.1145/248156.248175},
  timestamp = {Mon, 25 Jan 2016 16:58:54 +0100},
  biburl    = {http://dblp.uni-trier.de/rec/bib/conf/sigcomm/MaSZ96},
  bibsource = {dblp computer science bibliography, http://dblp.org}
}

@inproceedings{maxmin2,
  author    = {Zhiruo Cao and
               Ellen W. Zegura},
  title     = {Utility Max-Min: An Application-Oriented Bandwidth Allocation Scheme},
  booktitle = {Proceedings {IEEE} {INFOCOM} '99, The Conference on Computer Communications,
               Eighteenth Annual Joint Conference of the {IEEE} Computer and Communications
               Societies, The Future Is Now, New York, NY, USA, March 21-25, 1999},
  pages     = {793--801},
  year      = {1999},
  crossref  = {DBLP:conf/infocom/1999},
  timestamp = {Mon, 26 Jan 2015 16:54:56 +0100},
  biburl    = {http://dblp.uni-trier.de/rec/bib/conf/infocom/CaoZ99},
  bibsource = {dblp computer science bibliography, http://dblp.org}
}
